@article{yang2018iot,
  title={IoT smart home adoption: the importance of proper level automation},
  author={Yang, Heetae and Lee, Wonji and Lee, Hwansoo},
  journal={Journal of Sensors},
  volume={2018},
  year={2018},
  publisher={Hindawi}
}

