@article{liben2007link,
  title={The link-prediction problem for social networks},
  author={Liben-Nowell, David and Kleinberg, Jon},
  journal={Journal of the American society for information science and technology},
  volume={58},
  number={7},
  pages={1019--1031},
  year={2007},
  publisher={Wiley Online Library}
}

@article{lu2011link,
  title={Link prediction in complex networks: A survey},
  author={L{\"u}, Linyuan and Zhou, Tao},
  journal={Physica A: statistical mechanics and its applications},
  volume={390},
  number={6},
  pages={1150--1170},
  year={2011},
  publisher={Elsevier}
}

@article{wang2019,
author = {Wang, Wentao and Wu, Lintao and Huang, Ye and Wang, Hao and Zhu, Rongbo},
year = {2019},
month = {05},
pages = {172},
title = {Link Prediction Based on Deep Convolutional Neural Network},
volume = {10},
journal = {Information},
doi = {10.3390/info10050172}
}

@article{scikit-learn,
  title={Scikit-learn: Machine Learning in {P}ython},
  author={Pedregosa F. and Varoquaux G., Gramfort A. and others},
  journal={Journal of Machine Learning Research},
  volume={12},
  pages={2825--2830},
  year={2011},
}

@book{menard_lr,
Author = {Menard, Scott W.},
ISBN = {9781412974837},
Publisher = {SAGE},
Title = {Logistic regression : from introductory to advanced concepts and applications.},
URL = {https://search.ebscohost.com/login.aspx?direct=true&AuthType=sso&db=cat00006a&AN=melb.b3350793&site=eds-live&scope=site&custid=s2775460},
Year = {2010},
}
